li@article{feng2020influence,
  title={Influence of wind and relative humidity on the social distancing effectiveness to prevent COVID-19 airborne transmission: A numerical study},
  author={Feng, Yu and Marchal, Thierry and Sperry, Ted and Yi, Hang},
  journal={Journal of aerosol science},
  volume={147},
  pages={105585},
  year={2020},
  publisher={Elsevier}
}

@article{feng2020study,
  title={Study on the motion law of aerosols produced by human respiration under the action of thermal plume of different intensities},
  author={Feng, Guohui and Bi, Yang and Zhang, Yixian and Cai, Yilin and Huang, Kailiang},
  journal={Sustainable cities and society},
  volume={54},
  pages={101935},
  year={2020},
  publisher={Elsevier}
}

@article{ren2021numerical,
  title={Numerical study of three ventilation strategies in a prefabricated COVID-19 inpatient ward},
  author={Ren, Juan and Wang, Yue and Liu, Qibo and Liu, Yu},
  journal={Building and Environment},
  volume={188},
  pages={107467},
  year={2021},
  publisher={Elsevier}
}

@article{li2020investigating,
  title={Investigating the influences of ventilation on the fate of particles generated by patient and medical staff in operating room},
  author={Li, He and Zhong, Ke and Zhai, Zhiqiang John},
  journal={Building and Environment},
  volume={180},
  pages={107038},
  year={2020},
  publisher={Elsevier}
}

@article{sen2021transmission,
  title={Transmission and evaporation of cough droplets in an elevator: Numerical simulations of some possible scenarios},
  author={Sen, Nirvik},
  journal={Physics of Fluids},
  volume={33},
  number={3},
  year={2021},
  publisher={AIP Publishing}
}

@article{dbouk2020respiratory,
  title={On respiratory droplets and face masks},
  author={Dbouk, Talib and Drikakis, Dimitris},
  journal={Physics of Fluids},
  volume={32},
  number={6},
  year={2020},
  publisher={AIP Publishing}
}

@article{giri2022colliding,
  title={Colliding respiratory jets as a mechanism of air exchange and pathogen transport during conversations},
  author={Giri, Arghyanir and Biswas, Neelakash and Chase, Danielle L and Xue, Nan and Abkarian, Manouk and Mendez, Simon and Saha, Sandeep and Stone, Howard A},
  journal={Journal of Fluid Mechanics},
  volume={930},
  pages={R1},
  year={2022},
  publisher={Cambridge University Press}
}

@article{liu2020experimental,
  title={Experimental and numerical study of potential infection risks from exposure to bioaerosols in one BSL-3 laboratory},
  author={Liu, Zhijian and Zhuang, Wenbin and Hu, Lingfei and Rong, Rui and Li, Jinsong and Ding, Wenjun and Li, Na},
  journal={Building and environment},
  volume={179},
  pages={106991},
  year={2020},
  publisher={Elsevier}
}

@article{khosronejad2020fluid,
  title={Fluid dynamics simulations show that facial masks can suppress the spread of COVID-19 in indoor environments},
  author={Khosronejad, Ali and Santoni, Christian and Flora, Kevin and Zhang, Zexia and Kang, Seokkoo and Payabvash, Seyedmehdi and Sotiropoulos, Fotis},
  journal={Aip Advances},
  volume={10},
  number={12},
  year={2020},
  publisher={AIP Publishing}
}

@article{chong2021extended,
  title={Extended lifetime of respiratory droplets in a turbulent vapor puff and its implications on airborne disease transmission},
  author={Chong, Kai Leong and Ng, Chong Shen and Hori, Naoki and Yang, Rui and Verzicco, Roberto and Lohse, Detlef},
  journal={Physical review letters},
  volume={126},
  number={3},
  pages={034502},
  year={2021},
  publisher={APS}
}

@article{dbouk2020coughing,
  title={On coughing and airborne droplet transmission to humans},
  author={Dbouk, Talib and Drikakis, Dimitris},
  journal={Physics of Fluids},
  volume={32},
  number={5},
  year={2020},
  publisher={AIP Publishing}
}

@article{aliyu2021dispersion,
  title={Dispersion of virus-laden droplets in ventilated rooms: Effect of homemade facemasks},
  author={Aliyu, Aliyu M and Singh, Dharminder and Uzoka, Chino and Mishra, Rakesh},
  journal={Journal of Building Engineering},
  volume={44},
  pages={102933},
  year={2021},
  publisher={Elsevier}
}

@article{zhou2021experimental,
  title={Experimental and numerical study on the transport of droplet aerosols generated by occupants in a fever clinic},
  author={Zhou, Yu and Ji, Shen},
  journal={Building and environment},
  volume={187},
  pages={107402},
  year={2021},
  publisher={Elsevier}
}

@article{zhang2019distribution,
  title={Distribution of droplet aerosols generated by mouth coughing and nose breathing in an air-conditioned room},
  author={Zhang, Yixian and Feng, Guohui and Bi, Yang and Cai, Yilin and Zhang, Zheng and Cao, Guangyu},
  journal={Sustainable Cities and Society},
  volume={51},
  pages={101721},
  year={2019},
  publisher={Elsevier}
}

@article{fontes2020study,
  title={A study of fluid dynamics and human physiology factors driving droplet dispersion from a human sneeze},
  author={Fontes, D and Reyes, J and Ahmed, K and Kinzel, M},
  journal={Physics of Fluids},
  volume={32},
  number={11},
  year={2020},
  publisher={AIP Publishing}
}

@article{berrouk2010experimental,
  title={Experimental measurements and large eddy simulation of expiratory droplet dispersion in a mechanically ventilated enclosure with thermal effects},
  author={Berrouk, Abdallah S and Lai, Alvin CK and Cheung, Albert CT and Wong, Sai Li},
  journal={Building and Environment},
  volume={45},
  number={2},
  pages={371--379},
  year={2010},
  publisher={Elsevier}
}

@article{pendar2020numerical,
  title={Numerical modeling of the distribution of virus carrying saliva droplets during sneeze and cough},
  author={Pendar, Mohammad-Reza and P{\'a}scoa, Jos{\'e} Carlos},
  journal={Physics of Fluids},
  volume={32},
  number={8},
  year={2020},
  publisher={AIP Publishing}
}

@article{mirzaie2021covid,
  title={COVID-19 spread in a classroom equipped with partition--A CFD approach},
  author={Mirzaie, Mahshid and Lakzian, Esmail and Khan, Afrasyab and Warkiani, Majid Ebrahimi and Mahian, Omid and Ahmadi, Goodarz},
  journal={Journal of Hazardous Materials},
  volume={420},
  pages={126587},
  year={2021},
  publisher={Elsevier}
}

@article{abkarian2020speech,
  title={Speech can produce jet-like transport relevant to asymptomatic spreading of virus},
  author={Abkarian, Manouk and Mendez, Simon and Xue, Nan and Yang, Fan and Stone, Howard A},
  journal={Proceedings of the National Academy of Sciences},
  volume={117},
  number={41},
  pages={25237--25245},
  year={2020},
  publisher={National Acad Sciences}
}

@article{diwan2020understanding,
  title={Understanding transmission dynamics of COVID-19-type infections by direct numerical simulations of cough/sneeze flows},
  author={Diwan, Sourabh S and Ravichandran, S and Govindarajan, Rama and Narasimha, Roddam},
  journal={Transactions of the Indian National Academy of Engineering},
  volume={5},
  pages={255--261},
  year={2020},
  publisher={Springer}
}

@article{singhal2022virus,
  title={Virus transmission by aerosol transport during short conversations},
  author={Singhal, Rohit and Ravichandran, S and Govindarajan, Rama and Diwan, Sourabh S},
  journal={Flow},
  volume={2},
  pages={E13},
  year={2022},
  publisher={Cambridge University Press}
}

@article{qian2008dispersion,
  title={Dispersion of exhalation pollutants in a two-bed hospital ward with a downward ventilation system},
  author={Qian, Hua and Li, Yuguo and Nielsen, Peter V and Hyldgaard, Carl E},
  journal={Building and Environment},
  volume={43},
  number={3},
  pages={344--354},
  year={2008},
  publisher={Elsevier}
}

@article{li2005role,
  title={Role of air distribution in SARS transmission during the largest nosocomial outbreak in Hong Kong.},
  author={Li, Yuguo and Huang, X and Yu, IT and Wong, TW and Qian, H},
  journal={Indoor air},
  volume={15},
  number={2},
  pages={83--95},
  year={2005}
}

@article{saarinen2015large,
  title={Large eddy simulation of air escape through a hospital isolation room single hinged doorwayâ€”validation by using tracer gases and simulated smoke videos},
  author={Saarinen, Pekka E and Kalliom{\"a}ki, Petri and Tang, Julian W and Koskela, Hannu},
  journal={PloS one},
  volume={10},
  number={7},
  pages={e0130667},
  year={2015},
  publisher={Public Library of Science San Francisco, CA USA}
}

@article{villafruela2019assessment,
  title={Assessment of displacement ventilation systems in airborne infection risk in hospital rooms},
  author={Villafruela, Jos{\'e} Manuel and Olmedo, Ines and Berlanga, Felix A and Ruiz de Adana, Manuel},
  journal={Plos one},
  volume={14},
  number={1},
  pages={e0211390},
  year={2019},
  publisher={Public Library of Science San Francisco, CA USA}
}

@article{he2011cfd,
  title={CFD study of exhaled droplet transmission between occupants under different ventilation strategies in a typical office room},
  author={He, Qibin and Niu, Jianlei and Gao, Naiping and Zhu, Tong and Wu, Jiazheng},
  journal={Building and Environment},
  volume={46},
  number={2},
  pages={397--408},
  year={2011},
  publisher={Elsevier}
}

@inproceedings{jiang2009investigating,
  title={Investigating a safe ventilation rate for the prevention of indoor SARS transmission: An attempt based on a simulation approach},
  author={Jiang, Yi and Zhao, Bin and Li, Xiaofeng and Yang, Xudong and Zhang, Zhiqin and Zhang, Yufeng},
  booktitle={Building Simulation},
  volume={2},
  pages={281--289},
  year={2009},
  organization={Springer}
}

@article{yan2021transmission,
  title={Transmission of COVID-19 virus by cough-induced particles in an airliner cabin section},
  author={Yan, Yihuan and Li, Xueren and Fang, Xiang and Yan, Ping and Tu, Jiyuan},
  journal={Engineering Applications of Computational Fluid Mechanics},
  volume={15},
  number={1},
  pages={934--950},
  year={2021},
  publisher={Taylor \& Francis}
}

@article{ren2022practical,
  title={A practical approach for preventing dispersion of infection disease in naturally ventilated room},
  author={Ren, Chen and Cao, Shi-Jie and Haghighat, Fariborz},
  journal={Journal of Building Engineering},
  volume={48},
  pages={103921},
  year={2022},
  publisher={Elsevier}
}

@article{faleiros2022tu,
  title={TU Delft COVID-app: A tool to democratize CFD simulations for SARS-CoV-2 infection risk analysis},
  author={Faleiros, David Engler and van den Bos, Wouter and Botto, Lorenzo and Scarano, Fulvio},
  journal={Science of the Total Environment},
  volume={826},
  pages={154143},
  year={2022},
  publisher={Elsevier}
}

@article{romano2015numerical,
  title={Numerical and experimental analysis of airborne particles control in an operating theater},
  author={Romano, Francesco and Marocco, Luca and Gust{\'e}n, Jan and Joppolo, Cesare M},
  journal={Building and Environment},
  volume={89},
  pages={369--379},
  year={2015},
  publisher={Elsevier}
}

@article{lu2022ventilation,
  title={Ventilation indices for evaluation of airborne infection risk control performance of air distribution},
  author={Lu, Yalin and Niu, Dun and Zhang, Sheng and Chang, Han and Lin, Zhang},
  journal={Building and Environment},
  volume={222},
  pages={109440},
  year={2022},
  publisher={Elsevier}
}

@article{lordly2022understanding,
  title={Understanding lifetime and dispersion of cough-emitted droplets in air},
  author={Lordly, Kai and Kober, Leya and Jadidi, Mehdi and Antoun, Sylvie and Dworkin, Seth B and Karata{\c{s}}, Ahmet E},
  journal={Indoor and Built Environment},
  pages={1420326X221098753},
  year={2022},
  publisher={SAGE Publications Sage UK: London, England}
}

@article{guo2022visualization,
  title={Visualization of the infection risk assessment of SARS-CoV-2 through aerosol and surface transmission in a negative-pressure ward},
  author={Guo, Weiqi and Fu, Yingying and Jia, Rui and Guo, Zhendong and Su, Chen and Li, Jiaming and Zhao, Xiuguo and Jin, Yifei and Li, Penghui and Fan, Jinbo and others},
  journal={Environment international},
  volume={162},
  pages={107153},
  year={2022},
  publisher={Elsevier}
}

@article{qin2023transmission,
  title={Transmission mitigation of COVID-19: Exhaled contaminants removal and energy saving in densely occupied space by impinging jet ventilation},
  author={Qin, Chao and Zhang, Shu-Zhen and Li, Zheng-Tong and Wen, Chih-Yung and Lu, Wei-Zhen},
  journal={Building and environment},
  volume={232},
  pages={110066},
  year={2023},
  publisher={Elsevier}
}

@article{li2023transient,
  title={Transient transmission of droplets and aerosols in a ventilation system with ceiling fans},
  author={Li, Wenxin and Hasama, Takamasa and Chong, Adrian and Hang, Joo Guan and Lasternas, Bertrand and Lam, Khee Poh and Tham, Kwok Wai},
  journal={Building and Environment},
  volume={230},
  pages={109988},
  year={2023},
  publisher={Elsevier}
}

@article{hang2014influence,
  title={The influence of human walking on the flow and airborne transmission in a six-bed isolation room: Tracer gas simulation},
  author={Hang, Jian and Li, Yuguo and Jin, Ruiqiu},
  journal={Building and Environment},
  volume={77},
  pages={119--134},
  year={2014},
  publisher={Elsevier}
}

@article{duill2021impact,
  title={The impact of large mobile air purifiers on aerosol concentration in classrooms and the reduction of airborne transmission of SARS-CoV-2},
  author={Duill, Finn F and Schulz, Florian and Jain, Aman and Krieger, Leve and van Wachem, Berend and Beyrau, Frank},
  journal={International journal of environmental research and public health},
  volume={18},
  number={21},
  pages={11523},
  year={2021},
  publisher={MDPI}
}

@article{courant1928partiellen,
  title={\"Uber die partiellen Differenzengleichungen der mathematischen Physik},
  author={Courant, Richard and Friedrichs, Kurt and Lewy, Hans},
  journal={Mathematische Annalen},
  volume={100},
  number={1},
  pages={32--74},
  year={1928},
  publisher={Springer}
}

@book{ferziger2002computational,
  title={Computational Methods for Fluid Dynamics},
  author={Ferziger, Joel H and Peri{\'c}, M},
  year={2002},
  publisher={Springer}
}

@misc{ANSYS,
  title={{ANSYS} Fluid Dynamics Software},
  author={{ANSYS, Inc.}},
  howpublished={\url{www.ansys.com/products/fluids/ansys-fluent}},
  year={2006}
}

@misc{starccm,
  title={{STAR-CCM+} Computational Fluid Dynamics Software},
  author={{CD-adapco (now part of Siemens Digital Industries Software)}},
  howpublished={\url{www.plm.automation.siemens.com/global/en/products/simcenter/STAR-CCM+.html}},
  year={2004}
}

@misc{abaqus,
  title={{Abaqus/CAE} Finite Element Analysis Software},
  author={{SIMULIA, Dassault SystÃ¨mes}},
  howpublished={\url{www.3ds.com/products-services/simulia/products/abaqus/}},
  year={2005}
}

@misc{openfoam,
  title={{OpenFOAM} - The Open Source CFD Toolbox},
  author={{OpenFOAM Foundation}},
  howpublished={\url{openfoam.org}},
  year={2004}
}

@misc{su2,
  title={{SU2} - Open-Source CFD Code},
  author={{Stanford University and contributors}},
  howpublished={\url{su2code.github.io/}},
  year={2012}
}

@misc{palm,
  title={{PALM} - Parallelized Large-Eddy Simulation Model},
  author={{PALM Community}},
  howpublished={\url{palm.muk.uni-hannover.de/trac}},
  year={2006}
}

@misc{xcompact3d,
  title={{xcompact3D} - High-Order Spectral Element Code},
  author={{xcompact3D Development Team}},
  howpublished={\url{github.com/xcompact3d/xcompact3d}},
  year={2010}
}

@article{liu2021simulation,
  title={Simulation-based study of COVID-19 outbreak associated with air-conditioning in a restaurant},
  author={Liu, Han and He, Sida and Shen, Lian and Hong, Jiarong},
  journal={Physics of Fluids},
  volume={33},
  number={2},
  year={2021},
  publisher={AIP Publishing}
}

@article{lu2020reducing,
  title={Reducing the exposure risk in hospital wards by applying stratum ventilation system},
  author={Lu, Yalin and Oladokun, Majeed and Lin, Zhang},
  journal={Building and Environment},
  volume={183},
  pages={107204},
  year={2020},
  publisher={Elsevier}
}

@article{quintero2022reducing,
  title={Reducing Particle Exposure and SARS-CoV-2 Risk in Built Environments through Accurate Virtual Twins and Computational Fluid Dynamics},
  author={Quintero, Fabian and Nagarajan, Vijaisri and Schumacher, Stefan and Todea, Ana Maria and Lindermann, J{\"o}rg and Asbach, Christof and Luzzato, Charles MA and Jilesen, Jonathan},
  journal={Atmosphere},
  volume={13},
  number={12},
  pages={2032},
  year={2022},
  publisher={MDPI}
}

@article{pan2023predicting,
  title={Predicting spatial distribution of ultraviolet irradiance and disinfection of exhaled bioaerosols with a modified irradiance model},
  author={Pan, Yue and Xia, Tongling and Guo, Kangqi and An, Yuting and Chen, Chun},
  journal={Building and Environment},
  volume={228},
  pages={109792},
  year={2023},
  publisher={Elsevier}
}

@article{hang2015potential,
  title={Potential airborne transmission between two isolation cubicles through a shared anteroom},
  author={Hang, Jian and Li, Yuguo and Ching, WH and Wei, Jianjian and Jin, Ruiqiu and Liu, Li and Xie, Xiaojian},
  journal={Building and Environment},
  volume={89},
  pages={264--278},
  year={2015},
  publisher={Elsevier}
}

@article{jain2023numerical,
  title={Numerical Study on the Impact of Large Air Purifiers, Physical Distancing, and Mask Wearing in Classrooms},
  author={Jain, Aman and Duill, Finn F and Schulz, Florian and Beyrau, Frank and van Wachem, Berend},
  journal={Atmosphere},
  volume={14},
  number={4},
  pages={716},
  year={2023},
  publisher={MDPI}
}

@article{wu2023numerical,
  title={Numerical study of transient indoor airflow and virus-laden droplet dispersion: Impact of interactive human movement},
  author={Wu, Jialin and Weng, Wenguo and Fu, Ming and Li, Yayun},
  journal={Science of The Total Environment},
  volume={869},
  pages={161750},
  year={2023},
  publisher={Elsevier}
}

@article{liu2022numerical,
  title={Numerical evaluation of face masks for prevention of COVID-19 airborne transmission},
  author={Liu, Jiaxing and Hao, Ming and Chen, Shulei and Yang, Yang and Li, Jian and Mei, Qi and Bian, Xin and Liu, Kun},
  journal={Environmental Science and Pollution Research},
  volume={29},
  number={29},
  pages={44939--44953},
  year={2022},
  publisher={Springer}
}

@article{li2023numerical,
  title={Numerical comparison of exhaled particle dispersion under different air distributions for winter heating},
  author={Li, Teng and Essah, Emmanuel A and Wu, Yuxin and Cheng, Yong and Liao, Chunhui},
  journal={Sustainable Cities and Society},
  volume={89},
  pages={104342},
  year={2023},
  publisher={Elsevier}
}

@article{salinas2022improved,
  title={Improved guidelines of indoor airborne transmission taking into account departure from the well-mixed assumption},
  author={Salinas, Jorge S and Krishnaprasad, Karani A and Zgheib, Nadim and Balachandar, Sivaramakrishnan},
  journal={Physical Review Fluids},
  volume={7},
  number={6},
  pages={064309},
  year={2022},
  publisher={APS}
}

@article{krishnaprasad2023fluid,
  title={Fluid mechanics of air recycling and filtration for indoor airborne transmission},
  author={Krishnaprasad, KA and Salinas, JS and Zgheib, N and Balachandar, S},
  journal={Physics of Fluids},
  volume={35},
  number={1},
  year={2023},
  publisher={AIP Publishing}
}

@article{rosti2020fluid,
  title={Fluid dynamics of COVID-19 airborne infection suggests urgent data for a scientific design of social distancing},
  author={Rosti, ME and Olivieri, S and Cavaiola, M and Seminara, A and Mazzino, A},
  journal={Scientific reports},
  volume={10},
  number={1},
  pages={22426},
  year={2020},
  publisher={Nature Publishing Group UK London}
}

@article{poussou2010flow,
  title={Flow and contaminant transport in an airliner cabin induced by a moving body: Model experiments and CFD predictions},
  author={Poussou, Stephane B and Mazumdar, Sagnik and Plesniak, Michael W and Sojka, Paul E and Chen, Qingyan},
  journal={Atmospheric Environment},
  volume={44},
  number={24},
  pages={2830--2839},
  year={2010},
  publisher={Elsevier}
}

@article{luo2022role,
  title={Role of pathogen-laden expiratory droplet dispersion and natural ventilation explaining a COVID-19 outbreak in a coach bus},
  author={Luo, Qiqi and Ou, Cuiyun and Hang, Jian and Luo, Zhiwen and Yang, Hongyu and Yang, Xia and Zhang, Xuelin and Li, Yuguo and Fan, Xiaodan},
  journal={Building and Environment},
  volume={220},
  pages={109160},
  year={2022},
  publisher={Elsevier}
}

@article{shao2021risk,
  title={Risk assessment of airborne transmission of COVID-19 by asymptomatic individuals under different practical settings},
  author={Shao, Siyao and Zhou, Dezhi and He, Ruichen and Li, Jiaqi and Zou, Shufan and Mallery, Kevin and Kumar, Santosh and Yang, Suo and Hong, Jiarong},
  journal={Journal of aerosol science},
  volume={151},
  pages={105661},
  year={2021},
  publisher={Elsevier}
}

@article{vuorinen2020modelling,
  title={Modelling aerosol transport and virus exposure with numerical simulations in relation to SARS-CoV-2 transmission by inhalation indoors},
  author={Vuorinen, Ville and Aarnio, Mia and Alava, Mikko and Alopaeus, Ville and Atanasova, Nina and Auvinen, Mikko and Balasubramanian, Nallannan and Bordbar, Hadi and Er{\"a}st{\"o}, Panu and Grande, Rafael and others},
  journal={Safety science},
  volume={130},
  pages={104866},
  year={2020},
  publisher={Elsevier}
}

@inproceedings{liu2019modeling,
  title={Modeling transient particle transport by fast fluid dynamics with the Markov chain method},
  author={Liu, Wei and You, Ruoyu and Chen, Chun},
  booktitle={Building Simulation},
  volume={12},
  pages={881--889},
  year={2019},
  organization={Springer}
}

@article{ho2021modeling,
  title={Modeling and mitigating airborne pathogen risk factors in school buses},
  author={Ho, Clifford K and Binns, Royce},
  journal={International Communications in Heat and Mass Transfer},
  volume={129},
  pages={105663},
  year={2021},
  publisher={Elsevier}
}

@article{ou2022insufficient,
  title={Insufficient ventilation led to a probable long-range airborne transmission of SARS-CoV-2 on two buses},
  author={Ou, Cuiyun and Hu, Shixiong and Luo, Kaiwei and Yang, Hongyu and Hang, Jian and Cheng, Pan and Hai, Zheng and Xiao, Shanliang and Qian, Hua and Xiao, Shenglan and others},
  journal={Building and environment},
  volume={207},
  pages={108414},
  year={2022},
  publisher={Elsevier}
}

@article{liu2020full,
  title={Full-scale experimental and numerical study of bioaerosol characteristics against cross-infection in a two-bed hospital ward},
  author={Liu, Zhijian and Wang, Liangqi and Rong, Rui and Fu, Shifeng and Cao, Guoqing and Hao, Cuicai},
  journal={Building and Environment},
  volume={186},
  pages={107373},
  year={2020},
  publisher={Elsevier}
}

@article{cheng2021experimental,
  title={Experimental and simulated evaluations of airborne contaminant exposure in a room with a modified localized laminar airflow system},
  author={Cheng, Zhu and Aganovic, Amar and Cao, Guangyu and Bu, Zhongming},
  journal={Environmental Science and Pollution Research},
  volume={28},
  pages={30642--30663},
  year={2021},
  publisher={Springer}
}

@article{wang2022evaluation,
  title={Evaluation of SARS-COV-2 transmission and infection in airliner cabins},
  author={Wang, Wensi and Wang, Feng and Lai, Dayi and Chen, Qingyan},
  journal={Indoor air},
  volume={32},
  number={1},
  pages={e12979},
  year={2022},
  publisher={Wiley Online Library}
}

@article{liu2023estimating,
  title={Estimating the restraint of SARS-CoV-2 spread using a conventional medical air-cleaning device: Based on an experiment in a typical dental clinical setting},
  author={Liu, Zhijian and Zhang, Peiwen and Liu, Haiyang and He, Junzhou and Li, Yabin and Yao, Guangpeng and Liu, Jia and Lv, Meng and Yang, Wenhui},
  journal={International Journal of Hygiene and Environmental Health},
  volume={248},
  pages={114120},
  year={2023},
  publisher={Elsevier}
}

@article{wei2023effects,
  title={Effects of occupant behavior and ventilation on exposure to respiratory droplets in the indoor environment},
  author={Wei, Jianjian and Wang, Lei and Jin, Tao and Li, Yuguo and Zhang, Nan},
  journal={Building and Environment},
  volume={229},
  pages={109973},
  year={2023},
  publisher={Elsevier}
}

@article{li2021effects,
  title={Effects of ceiling fans on airborne transmission in an air-conditioned space},
  author={Li, Wenxin and Chong, Adrian and Hasama, Takamasa and Xu, Lei and Lasternas, Bertrand and Tham, Kwok Wai and Lam, Khee Poh},
  journal={Building and Environment},
  volume={198},
  pages={107887},
  year={2021},
  publisher={Elsevier}
}

@article{cortellessa2023effectiveness,
  title={Effectiveness of a portable personal air cleaner in reducing the airborne transmission of respiratory pathogens},
  author={Cortellessa, Gino and Canale, Christian and Stabile, Luca and Grossi, Giorgio and Buonanno, Giorgio and Arpino, Fausto},
  journal={Building and Environment},
  volume={235},
  pages={110222},
  year={2023},
  publisher={Elsevier}
}

@article{deng2021control,
  title={Control of exhaled SARS-CoV-2-laden aerosols in the interpersonal breathing microenvironment in a ventilated room with limited space air stability},
  author={Deng, Xiaorui and Gong, Guangcai and He, Xizhi and Shi, Xing and Mo, Lan},
  journal={journal of environmental sciences},
  volume={108},
  pages={175--187},
  year={2021},
  publisher={Elsevier}
}

@article{srivastava2021effective,
  title={Effective ventilation and air disinfection system for reducing coronavirus disease 2019 (COVID-19) infection risk in office buildings},
  author={Srivastava, Shubham and Zhao, Xingwang and Manay, Ati and Chen, Qingyan},
  journal={Sustainable Cities and Society},
  volume={75},
  pages={103408},
  year={2021},
  publisher={Elsevier}
}

@article{oksanen2022combining,
  title={Combining Phi6 as a surrogate virus and computational large-eddy simulations to study airborne transmission of SARS-CoV-2 in a restaurant},
  author={Oksanen, Lotta and Auvinen, Mikko and Kuula, Joel and Malmgren, Rasmus and Romantschuk, Martin and Hyv{\"a}rinen, Antti and Laitinen, Sirpa and Maunula, Leena and Sanmark, Enni and Geneid, Ahmed and others},
  journal={Indoor air},
  volume={32},
  number={11},
  pages={e13165},
  year={2022},
  publisher={Wiley Online Library}
}

@article{xu2023cfd,
  title={CFD modelling of infection control in indoor environments: A focus on room-level air recirculation systems},
  author={Xu, Shipeng and Zhang, Guangwei and Liu, Xiaoping and Li, Xiaoping},
  journal={Energy and Buildings},
  volume={288},
  pages={113033},
  year={2023},
  publisher={Elsevier}
}

@article{motamedi2022cfd,
  title={CFD modeling of airborne pathogen transmission of COVID-19 in confined spaces under different ventilation strategies},
  author={Motamedi, Hamid and Shirzadi, Mohammadreza and Tominaga, Yoshihide and Mirzaei, Parham A},
  journal={Sustainable Cities and Society},
  volume={76},
  pages={103397},
  year={2022},
  publisher={Elsevier}
}

@article{arpino2023cfd,
  title={CFD analysis of the air supply rate influence on the aerosol dispersion in a university lecture room},
  author={Arpino, Fausto and Cortellessa, Gino and D'Alicandro, Andrea Carlo and Grossi, Giorgio and Massarotti, Nicola and Mauro, Alessandro},
  journal={Building and Environment},
  volume={235},
  pages={110257},
  year={2023},
  publisher={Elsevier}
}

@article{pan2022boundary,
  title={Boundary conditions for exhaled airflow from a cough with a surgical or N95 mask},
  author={Pan, Yue and Zhang, Haiqiang and Niu, Zhuolun and An, Yuting and Chen, Chun},
  journal={Indoor air},
  volume={32},
  number={8},
  pages={e13088},
  year={2022},
  publisher={Wiley Online Library}
}

@article{yang2021airborne,
  title={Airborne transmission of pathogen-laden expiratory droplets in open outdoor space},
  author={Yang, Xia and Yang, Hongyu and Ou, Cuiyun and Luo, Zhiwen and Hang, Jian},
  journal={Science of The Total Environment},
  volume={773},
  pages={145537},
  year={2021},
  publisher={Elsevier}
}

@article{li2022airborne,
  title={Airborne transmission of exhaled pollutants during short-term events: Quantitatively assessing inhalation monitor points},
  author={Li, Xiujie and Mak, Cheuk Ming and Ai, Zhengtao and Wong, Hai Ming},
  journal={Building and Environment},
  volume={223},
  pages={109487},
  year={2022},
  publisher={Elsevier}
}
}

%% ----------------------------------------------------------------------
%%    Examples of common entries
%% ----------------------------------------------------------------------

@techreport{world2023therapeutics,
  title={Therapeutics and COVID-19: living guideline, 13 January 2023},
  author={WHO},
  year={2023},
  institution={World Health Organization}
}

@article{morawska2020time,
  title={It is time to address airborne transmission of coronavirus disease 2019 (COVID-19)},
  author={Morawska, Lidia and Milton, Donald K},
  journal={Clinical Infectious Diseases},
  volume={71},
  number={9},
  pages={2311--2313},
  year={2020},
  publisher={Oxford University Press US}
}

@article{morawska2020can,
  title={How can airborne transmission of COVID-19 indoors be minimised?},
  author={Morawska, Lidia and Tang, Julian W and Bahnfleth, William and Bluyssen, Philomena M and Boerstra, Atze and Buonanno, Giorgio and Cao, Junji and Dancer, Stephanie and Floto, Andres and Franchimon, Francesco and others},
  journal={Environment international},
  volume={142},
  pages={105832},
  year={2020},
  publisher={Elsevier}
}

@article{zhang2020identifying,
  title={Identifying airborne transmission as the dominant route for the spread of COVID-19},
  author={Zhang, Renyi and Li, Yixin and Zhang, Annie L and Wang, Yuan and Molina, Mario J},
  journal={Proceedings of the National Academy of Sciences},
  volume={117},
  number={26},
  pages={14857--14863},
  year={2020},
  publisher={National Acad Sciences}
}

@article{bazant2021guideline,
  title={A guideline to limit indoor airborne transmission of COVID-19},
  author={Bazant, Martin Z and Bush, John WM},
  journal={Proceedings of the National Academy of Sciences},
  volume={118},
  number={17},
  pages={e2018995118},
  year={2021},
  publisher={National Acad Sciences}
}

@article{chagla2021re,
  title={Re: it is time to address airborne transmission of COVID-19},
  author={Chagla, Zain and Hota, Susy and Khan, Sarah and Mertz, Dominik and International Hospital and Community Epidemiology Group},
  journal={Clinical Infectious Diseases},
  volume={73},
  number={11},
  pages={e3981--e3982},
  year={2021},
  publisher={Oxford University Press US}
}

@article{lewis2022took,
  title={Why the WHO took two years to say COVID is airborne},
  author={Lewis, Dyani},
  journal={Nature},
  volume={604},
  number={7904},
  pages={26--31},
  year={2022}
}

@article{li2021probable,
  title={Probable airborne transmission of SARS-CoV-2 in a poorly ventilated restaurant},
  author={Li, Yuguo and Qian, Hua and Hang, Jian and Chen, Xuguang and Cheng, Pan and Ling, Hong and Wang, Shengqi and Liang, Peng and Li, Jiansen and Xiao, Shenglan and others},
  journal={Building and environment},
  volume={196},
  pages={107788},
  year={2021},
  publisher={Elsevier}
}

@article{bhagat2020displacement,
  title={Displacement ventilation: a viable ventilation strategy for makeshift hospitals and public buildings to contain COVID-19 and other airborne diseases},
  author={Bhagat, Rajesh K and Linden, PF},
  journal={Royal Society open science},
  volume={7},
  number={9},
  pages={200680},
  year={2020},
  publisher={The Royal Society}
}

@article{bhagat2020effects,
  title={Effects of ventilation on the indoor spread of COVID-19},
  author={Bhagat, Rajesh K and Wykes, MS Davies and Dalziel, Stuart B and Linden, PF},
  journal={Journal of Fluid Mechanics},
  volume={903},
  pages={F1},
  year={2020},
  publisher={Cambridge University Press}
}

@article{morawska2020airborne,
  title={Airborne transmission of SARS-CoV-2: The world should face the reality},
  author={Morawska, Lidia and Cao, Junji},
  journal={Environment international},
  volume={139},
  pages={105730},
  year={2020},
  publisher={Elsevier}
}

@article{klompas2020airborne,
  title={Airborne transmission of SARS-CoV-2: theoretical considerations and available evidence},
  author={Klompas, Michael and Baker, Meghan A and Rhee, Chanu},
  journal={Jama},
  volume={324},
  number={5},
  pages={441--442},
  year={2020},
  publisher={American Medical Association}
}

@article{allen2021indoor,
  title={Indoor air changes and potential implications for SARS-CoV-2 transmission},
  author={Allen, Joseph G and Ibrahim, Andrew M},
  journal={Jama},
  volume={325},
  number={20},
  pages={2112--2113},
  year={2021},
  publisher={American Medical Association}
}

@article{mathai2021airflows,
  title={Airflows inside passenger cars and implications for airborne disease transmission},
  author={Mathai, Varghese and Das, Asimanshu and Bailey, Jeffrey A and Breuer, Kenneth},
  journal={Science Advances},
  volume={7},
  number={1},
  pages={eabe0166},
  year={2021},
  publisher={American Association for the Advancement of Science}
}

@article{ng2021growth,
  title={Growth of respiratory droplets in cold and humid air},
  author={Ng, Chong Shen and Chong, Kai Leong and Yang, Rui and Li, Mogeng and Verzicco, Roberto and Lohse, Detlef},
  journal={Physical Review Fluids},
  volume={6},
  number={5},
  pages={054303},
  year={2021},
  publisher={APS}
}

@article{poydenot2022risk,
  title={Risk assessment for long-and short-range airborne transmission of SARS-CoV-2, indoors and outdoors},
  author={Poydenot, Florian and Abdourahamane, Ismael and Caplain, Elsa and Der, Samuel and Haiech, Jacques and Jallon, Antoine and Khoutami, In{\'e}s and Loucif, Amir and Marinov, Emil and Andreotti, Bruno},
  journal={PNAS Nexus},
  volume={1},
  number={5},
  pages={pgac223},
  year={2022},
  publisher={Oxford University Press}
}


@misc{tang2021covid,
  title={Covid-19 has redefined airborne transmission},
  author={Tang, Julian W and Marr, Linsey C and Li, Yuguo and Dancer, Stephanie J},
  journal={bmj},
  volume={373},
  year={2021},
  publisher={British Medical Journal Publishing Group}
}

@article{bourouiba2020turbulent,
  title={Turbulent gas clouds and respiratory pathogen emissions: Potential implications for reducing transmission of COVID-19},
  author={Bourouiba, Lydia},
  journal={Jama},
  volume={323},
  number={18},
  pages={1837--1838},
  year={2020},
  publisher={American Medical Association}
}

@article{bourouiba2021fluid,
  title={The fluid dynamics of disease transmission},
  author={Bourouiba, Lydia},
  journal={Annual Review of Fluid Mechanics},
  volume={53},
  pages={473--508},
  year={2021},
  publisher={Annual Reviews}
}

@article{aganovic2019cfd,
  title={CFD study of the air distribution and occupant draught sensation in a patient ward equipped with protected zone ventilation},
  author={Aganovic, Amar and Steffensen, Marie and Cao, Guangyu},
  journal={Building and Environment},
  volume={162},
  pages={106279},
  year={2019},
  publisher={Elsevier}
}

@article{ferrari2022ventilation,
  title={Ventilation strategies to reduce airborne transmission of viruses in classrooms: A systematic review of scientific literature},
  author={Ferrari, S and Bl{\'a}zquez, T and Cardelli, R and Puglisi, G and Su{\'a}rez, R and Mazzarella, L},
  journal={Building and Environment},
  pages={109366},
  year={2022},
  publisher={Elsevier}
}

@article{tsang2022computational,
  title={Computational Fluid Dynamics (CFD) studies on airborne transmission in hospitals: A review on the research approaches and the challenges},
  author={Tsang, Tsz-Wun and Mui, Kwok-Wai and Wong, Ling-Tim},
  journal={Journal of Building Engineering},
  pages={105533},
  year={2022},
  publisher={Elsevier}
}

@article{yam2011rethinking,
  title={Rethinking hospital general ward ventilation design using computational fluid dynamics},
  author={Yam, R and Yuen, PL and Yung, R and Choy, T},
  journal={Journal of Hospital infection},
  volume={77},
  number={1},
  pages={31--36},
  year={2011},
  publisher={Elsevier}
}

@article{liu2022investigation,
  title={Investigation of airborne particle exposure in an office with mixing and displacement ventilation},
  author={Liu, Sumei and Koupriyanov, Mike and Paskaruk, Dale and Fediuk, Graham and Chen, Qingyan},
  journal={Sustainable Cities and Society},
  volume={79},
  pages={103718},
  year={2022},
  publisher={Elsevier}
}

@article{yin2009experimental,
  title={Experimental study on displacement and mixing ventilation systems for a patient ward},
  author={Yin, Yonggao and Xu, Weiran and Gupta, Jitendra K and Guity, Arash and Marmion, Paul and Manning, Andy and Gulick, Bob and Zhang, Xiaosong and Chen, Qingyan},
  journal={HVAC\&R Research},
  volume={15},
  number={6},
  pages={1175--1191},
  year={2009},
  publisher={Taylor \& Francis}
}

@article{tan2023ventilation,
  title={Why do ventilation strategies matter in controlling infectious airborne particles? A comprehensive numerical analysis in isolation ward},
  author={Tan, Huiyi and Wong, Keng Yinn and Othman, Mohd Hafiz Dzarfan and Kek, Hong Yee and Nyakuma, Bemgba Bevan and Ho, Wai Shin and Hashim, Haslenda and Wahab, Roswanira Abdul and Sheng, Desmond Daniel Chin Vui and Wahab, Nur Haliza Abdul and others},
  journal={Building and Environment},
  volume={231},
  pages={110048},
  year={2023},
  publisher={Elsevier}
}

@article{aliabadi2011preventing,
  title={Preventing airborne disease transmission: review of methods for ventilation design in health care facilities},
  author={Aliabadi, Amir A and Rogak, Steven N and Bartlett, Karen H and Green, Sheldon I},
  journal={Advances in preventive medicine},
  volume={2011},
  year={2011},
  publisher={Hindawi}
}

@article{zhu2012advanced,
  title={An advanced numerical model for the assessment of airborne transmission of influenza in bus microenvironments},
  author={Zhu, Shengwei and Srebric, Jelena and Spengler, John D and Demokritou, Philip},
  journal={Building and Environment},
  volume={47},
  pages={67--75},
  year={2012},
  publisher={Elsevier}
}

@article{park2021natural,
  title={Natural ventilation strategy and related issues to prevent coronavirus disease 2019 (COVID-19) airborne transmission in a school building},
  author={Park, Sowoo and Choi, Younhee and Song, Doosam and Kim, Eun Kyung},
  journal={Science of the total environment},
  volume={789},
  pages={147764},
  year={2021},
  publisher={Elsevier}
} 

@article{ho2021modelling,
  title={Modelling airborne transmission and ventilation impacts of a COVID-19 outbreak in a restaurant in Guangzhou, China},
  author={Ho, Clifford K},
  journal={International Journal of Computational Fluid Dynamics},
  volume={35},
  number={9},
  pages={708--726},
  year={2021},
  publisher={Taylor \& Francis}
}

@article{luongo2016role,
  title={Role of mechanical ventilation in the airborne transmission of infectious agents in buildings},
  author={Luongo, Julia C and Fennelly, Kevin P and Keen, Julia A and Zhai, Zhiqiang John and Jones, Byron W and Miller, Shelly L},
  journal={Indoor air},
  volume={26},
  number={5},
  pages={666--678},
  year={2016},
  publisher={Wiley Online Library}
}


@article{rivas2022impact,
  title={Impact of natural ventilation on exposure to SARS-CoV 2 in indoor/semi-indoor terraces using CO2 concentrations as a proxy},
  author={Rivas, Esther and Santiago, Jose Luis and Mart{\'\i}n, Fernando and Martilli, Alberto},
  journal={Journal of Building Engineering},
  volume={46},
  pages={103725},
  year={2022},
  publisher={Elsevier}
}

@article{beaussier2022aerodynamic,
  title={Aerodynamic analysis of hospital ventilation according to seasonal variations. A simulation approach to prevent airborne viral transmission pathway during Covid-19 pandemic},
  author={Beaussier, Marc and Vanoli, Emmanuel and Zadegan, Fr{\'e}d{\'e}ric and Peray, Herve and Bezian, Elodie and Jilesen, Jonathan and Gandveau, G{\'e}raldine and Gayraud, Jean-Michel},
  journal={Environment International},
  volume={158},
  pages={106872},
  year={2022},
  publisher={Elsevier}
}

@article{kanaan2018comparative,
  title={Comparative CFD investigation of upper room UVGI efficacy with three different ventilation systems},
  author={Kanaan, Mohamad and Abou Moughlbay, Amine},
  journal={International Journal of Applied Engineering Research},
  volume={13},
  number={12},
  pages={14897--14902},
  year={2018}
}

@article{lipinski2020review,
  title={Review of ventilation strategies to reduce the risk of disease transmission in high occupancy buildings},
  author={Lipinski, Tom and Ahmad, Darem and Serey, Nicolas and Jouhara, Hussam},
  journal={International Journal of Thermofluids},
  volume={7},
  pages={100045},
  year={2020},
  publisher={Elsevier}
}

@article{arjmandi2022minimizing,
  title={Minimizing the respiratory pathogen transmission: Numerical study and multi-objective optimization of ventilation systems in a classroom},
  author={Arjmandi, Hamed and Amini, Reza and Fallahpour, Marzieh and others},
  journal={Thermal Science and Engineering Progress},
  volume={28},
  pages={101052},
  year={2022},
  publisher={Elsevier}
}

@inproceedings{memarzadeh2012role,
  title={Role of air changes per hour (ACH) in possible transmission of airborne infections},
  author={Memarzadeh, Farhad and Xu, Weiran},
  booktitle={Building simulation},
  volume={5},
  pages={15--28},
  year={2012},
  organization={Springer}
}

@article{wolfel2020virological,
  title={Virological assessment of hospitalized patients with COVID-2019},
  author={W{\"o}lfel, Roman and Corman, Victor M and Guggemos, Wolfgang and Seilmaier, Michael and Zange, Sabine and M{\"u}ller, Marcel A and Niemeyer, Daniela and Jones, Terry C and Vollmar, Patrick and Rothe, Camilla and others},
  journal={Nature},
  volume={581},
  number={7809},
  pages={465--469},
  year={2020},
  publisher={Nature Publishing Group UK London}
}

@article{pohlker2021respiratory,
  title={Respiratory aerosols and droplets in the transmission of infectious diseases},
  author={P{\"o}hlker, Mira L and Kr{\"u}ger, Ovid O and F{\"o}rster, Jan-David and Berkemeier, Thomas and Elbert, Wolfgang and Fr{\"o}hlich-Nowoisky, Janine and P{\"o}schl, Ulrich and P{\"o}hlker, Christopher and Bagheri, Gholamhossein and Bodenschatz, Eberhard and others},
  journal={arXiv preprint arXiv:2103.01188},
  year={2021}
}

@misc{asadi2020coronavirus,
  title={The coronavirus pandemic and aerosols: Does COVID-19 transmit via expiratory particles?},
  author={Asadi, Sima and Bouvier, Nicole and Wexler, Anthony S and Ristenpart, William D},
  journal={Aerosol Science and Technology},
  volume={54},
  number={6},
  pages={635--638},
  year={2020},
  publisher={Taylor \& Francis}
}

@article{barbosa2018validation,
  title={Validation and assessment of the CFD-0 module of CONTAM software for airborne contaminant transport simulation in laboratory and hospital applications},
  author={Barbosa, Bruno Perazzo Pedroso and Brum, Nisio de Carvalho Lobo},
  journal={Building and Environment},
  volume={142},
  pages={139--152},
  year={2018},
  publisher={Elsevier}
}

@article{leung2021transmissibility,
  title={Transmissibility and transmission of respiratory viruses},
  author={Leung, Nancy HL},
  journal={Nature Reviews Microbiology},
  volume={19},
  number={8},
  pages={528--545},
  year={2021},
  publisher={Nature Publishing Group UK London}
}


@article{buchan2020predicting,
  title={Predicting airborne coronavirus inactivation by far-UVC in populated rooms using a high-fidelity coupled radiation-CFD model},
  author={Buchan, Andrew G and Yang, Liang and Atkinson, Kirk D},
  journal={Scientific reports},
  volume={10},
  number={1},
  pages={19659},
  year={2020},
  publisher={Nature Publishing Group UK London}
}


@article{auvinen2022high,
  title={High-resolution large-eddy simulation of indoor turbulence and its effect on airborne transmission of respiratory pathogensâ€”Model validation and infection probability analysis},
  author={Auvinen, Mikko and Kuula, Joel and Gr{\"o}nholm, Tiia and S{\"u}hring, Matthias and Hellsten, Antti},
  journal={Physics of Fluids},
  volume={34},
  number={1},
  year={2022},
  publisher={AIP Publishing}
}

@article{rayegan2022review,
  title={A review on indoor airborne transmission of COVID-19--modelling and mitigation approaches},
  author={Rayegan, Saeed and Shu, Chang and Berquist, Justin and Jeon, Jisoo and Zhou, Liang Grace and Wang, Liangzhu Leon and Mbareche, Hamza and Tardif, Patrique and Ge, Hua},
  journal={Journal of Building Engineering},
  pages={105599},
  year={2022},
  publisher={Elsevier}
}

@article{zhao2022airborne,
  title={Airborne transmission of COVID-19 virus in enclosed spaces: an overview of research methods},
  author={Zhao, Xingwang and Liu, Sumei and Yin, Yonggao and Zhang, Tengfei and Chen, Qingyan},
  journal={Indoor air},
  volume={32},
  number={6},
  pages={e13056},
  year={2022},
  publisher={Wiley Online Library}
}

@article{argyropoulos2023airborne,
  title={Airborne transmission of biological agents within the indoor built environment: a multidisciplinary review},
  author={Argyropoulos, Christos D and Skoulou, Vasiliki and Efthimiou, Georgios and Michopoulos, Apostolos K},
  journal={Air Quality, Atmosphere \& Health},
  volume={16},
  number={3},
  pages={477--533},
  year={2023},
  publisher={Springer}
}


@article{thornton2022impact,
  title={The impact of heating, ventilation and air conditioning (HVAC) design features on the transmission of viruses, including the 2019 novel coronavirus (COVID-19): A systematic review of humidity},
  author={Thornton, Gail M and Fleck, Brian A and Dandnayak, Dhyey and Kroeker, Emily and Zhong, Lexuan and Hartling, Lisa},
  journal={Plos one},
  volume={17},
  number={10},
  pages={e0275654},
  year={2022},
  publisher={Public Library of Science San Francisco, CA USA}
}

@article{correia2020airborne,
  title={Airborne route and bad use of ventilation systems as non-negligible factors in SARS-CoV-2 transmission},
  author={Correia, G and Rodrigues, L and Da Silva, M Gameiro and Gon{\c{c}}alves, T},
  journal={Medical hypotheses},
  volume={141},
  pages={109781},
  year={2020},
  publisher={Elsevier}
}

@article{hobeika2023assessing,
  title={Assessing Indoor Air Quality and Ventilation to Limit Aerosol Dispersionâ€”Literature Review},
  author={Hobeika, Nadine and Garc{\'\i}a-S{\'a}nchez, Clara and Bluyssen, Philomena M},
  journal={Buildings},
  volume={13},
  number={3},
  pages={742},
  year={2023},
  publisher={MDPI}
}

@article{rothan2020epidemiology,
  title={The epidemiology and pathogenesis of coronavirus disease (COVID-19) outbreak},
  author={Rothan, Hussin A and Byrareddy, Siddappa N},
  journal={Journal of autoimmunity},
  volume={109},
  pages={102433},
  year={2020},
  publisher={Elsevier}
}

@article{li2007role,
  title={Role of ventilation in airborne transmission of infectious agents in the built environment-a multidisciplinary systematic review.},
  author={Li, Yiping and Leung, Gabriel M and Tang, JW and Yang, Xiaozhan and Chao, CY and Lin, John Zhang and Lu, JW and Nielsen, Per V{\ae}ggemose and Niu, Jianlei and Qian, H and others},
  journal={Indoor air},
  volume={17},
  number={1},
  pages={2--18},
  year={2007}
}

@article{scharfman2016visualization,
  title={Visualization of sneeze ejecta: steps of fluid fragmentation leading to respiratory droplets},
  author={Scharfman, BE and Techet, AH and Bush, JWM and Bourouiba, L},
  journal={Experiments in Fluids},
  volume={57},
  pages={1--9},
  year={2016},
  publisher={Springer}
}

@article{prata2020temperature,
  title={Temperature significantly changes COVID-19 transmission in (sub) tropical cities of Brazil},
  author={Prata, David N and Rodrigues, Waldecy and Bermejo, Paulo H},
  journal={Science of the Total Environment},
  volume={729},
  pages={138862},
  year={2020},
  publisher={Elsevier}
}

@article{zhou2021dynamical,
  title={A dynamical overview of droplets in the transmission of respiratory infectious diseases},
  author={Zhou, Maoying and Zou, Jun},
  journal={Physics of Fluids},
  volume={33},
  number={3},
  year={2021},
  publisher={AIP Publishing}
}

@article{stadnytskyi2021breathing,
  title={Breathing, speaking, coughing or sneezing: What drives transmission of SARS-CoV-2?},
  author={Stadnytskyi, V and Anfinrud, P and Bax, A},
  journal={Journal of Internal Medicine},
  volume={290},
  number={5},
  pages={1010--1027},
  year={2021},
  publisher={Wiley Online Library}
}

@article{tan2021experimental,
  title={Experimental characterization of speech aerosol dispersion dynamics},
  author={Tan, Zu Puayen and Silwal, Lokesh and Bhatt, Surya P and Raghav, Vrishank},
  journal={Scientific reports},
  volume={11},
  number={1},
  pages={3953},
  year={2021},
  publisher={Nature Publishing Group UK London}
}

@book{wilcox2006turbulence,
  title={Turbulence Modeling for CFD},
  author={Wilcox, David C},
  year={2006},
  publisher={DCW Industries}
}

@incollection{piomelli2017large,
  title={Large Eddy Simulation: Historical Evolution, Trends and Perspectives},
  author={Piomelli, U},
  booktitle={Direct and Large-Eddy Simulation XI},
  pages={3--21},
  year={2017},
  publisher={Springer}
}

@book{sagaut2006large,
  title={Large Eddy Simulation for Incompressible Flows: An Introduction},
  author={Sagaut, Pierre},
  year={2006},
  publisher={Springer}
}

@article{moin2011dns,
  title={DNS of turbulent flows},
  author={Moin, Parviz and Kim, John},
  journal={Annual Review of Fluid Mechanics},
  volume={43},
  pages={203--230},
  year={2011}
}

@book{pope2000turbulent,
  title={Turbulent Flows},
  author={Pope, Stephen B},
  year={2000},
  publisher={Cambridge University Press}
}

@article{smagorinsky1963general,
  title={General circulation experiments with the primitive equations},
  author={Smagorinsky, J},
  journal={Monthly Weather Review},
  volume={91},
  number={3},
  pages={99--164},
  year={1963}
}

@article{yerragolam2024effect,
  title={Effect of airflow rate on CO2 concentration in downflow indoor ventilation},
  author={Yerragolam, Guru Sreevanshu and Howland, Christopher J and Yang, Rui and Stevens, Richard JAM and Verzicco, Roberto and Lohse, Detlef},
  journal={Indoor Environments},
  volume={1},
  number={2},
  pages={100012},
  year={2024},
  publisher={Elsevier}
}

@article{kolmogorov1941local,
  title={The local structure of turbulence in incompressible viscous fluid for very large Reynolds numbers},
  author={Kolmogorov, Andrey Nikolaevich},
  journal={Doklady Akademii Nauk SSSR},
  volume={30},
  pages={299--303},
  year={1941}
}

@book{crowe2011multiphase,
  title={Multiphase flows with droplets and particles},
  author={Crowe, Clayton T and Schwarzkopf, John D and Sommerfeld, Martin},
  year={2011},
  publisher={CRC Press}
}

@article{gualtieri2017lagrangian,
  title={Lagrangian particle tracking: fundamentals, techniques, and applications},
  author={Gualtieri, Carlo and Picano, Francesco},
  journal={Applied mechanics reviews},
  volume={69},
  number={1},
  pages={010801},
  year={2017},
  publisher={American Society of Mechanical Engineers}
}

@article{wilson1971mechanics,
  title={The mechanics of breathing and airway resistance during respiratory oscillations},
  author={Wilson, M. F. and West, J. B.},
  journal={Journal of Applied Physiology},
  volume={31},
  number={3},
  pages={366-374},
  year={1971},
  publisher={American Physiological Society},
  doi={10.1152/jappl.1971.31.3.366}
}

@article{semple1983measurement,
  title={Measurement of respiratory airflow using a hot-wire anemometer},
  author={Semple, S. J. G. and Cade, J. F.},
  journal={Medical and Biological Engineering and Computing},
  volume={21},
  number={4},
  pages={487-490},
  year={1983},
  publisher={Springer},
  doi={10.1007/BF02442369}
}

@article{kelly2004modeling,
  title={Modeling human inspiratory flow in an upper airway model},
  author={Kelly, J. T. and Asgharian, B. and Hofmann, W. and Dickens, O. M. and Wells, K. R. B. and Armstrong, G. M.},
  journal={Journal of Aerosol Science},
  volume={35},
  number={1},
  pages={51-64},
  year={2004},
  publisher={Elsevier},
  doi={10.1016/j.jaerosci.2003.07.001}
}
